@article{coombs1987markup,
  title={Markups systems and the future of scholarly text processing},
  author={Coombs, James H and Renear, Allen H and DeRose, Steven J},
  journal={Communications of the ACM},
  volume={30},
  number={11},
  pages={933--947},
  year={1987},
  publisher={ACM}
}

@misc{css,
    title={Cascading Style Sheets 2.0},
    author={W3C.org},
    howpublished = {\url{http://www.w3.org/TRECCSS2/}},
    year={2016}
}

@misc{rnn,
  title={Az RNN működése},
  author={Wikimedia Commons},
  howpublished = {\url{https://commons.wikimedia.org/wiki/File:Recurrent_neural_network_unfold.svg}}
}